<collection xmlns="http://www.loc.gov/MARC21/slim">
<record>
  <leader>00793nam0a22002051i 450 </leader>
  <controlfield tag="001">IT\ICCU\CNCE\057421</controlfield>
  <controlfield tag="005">20080205000000.0</controlfield>
  <datafield tag="100" ind1=" " ind2=" ">
    <subfield code="a">20040414f1534        0itac0103    ba</subfield>
  </datafield>
  <datafield tag="101" ind1=" " ind2=" ">
    <subfield code="a">ITA</subfield>
  </datafield>
  <datafield tag="102" ind1=" " ind2=" ">
    <subfield code="a">IT</subfield>
  </datafield>
  <datafield tag="200" ind1="1" ind2=" ">
    <subfield code="a">Per pace et tranquillita della prouincia di Romagna et Exarchato di Rauenna</subfield>
  </datafield>
  <datafield tag="210" ind1=" " ind2=" ">
    <subfield code="d">\1534!</subfield>
  </datafield>
  <datafield tag="215" ind1=" " ind2=" ">
    <subfield code="a">1 foglio</subfield>
  </datafield>
  <datafield tag="300" ind1=" " ind2=" ">
    <subfield code="a">Stampata a Cesena da Costantino Raverio. Cfr. F. Fioravanti, Annali della tipografia cesenate 1494-1800, p. 24. - La data si ricava dal datum</subfield>
  </datafield>
  <datafield tag="620" ind1=" " ind2=" ">
    <subfield code="a">IT</subfield>
    <subfield code="d">Cesena</subfield>
  </datafield>
  <datafield tag="710" ind1="0" ind2="2">
    <subfield code="a">Romagna</subfield>
    <subfield code="3">27881</subfield>
  </datafield>
  <datafield tag="712" ind1="0" ind2="0">
    <subfield code="a">Raverio, Costantino</subfield>
    <subfield code="3">IT\ICCU\CNCT\002295</subfield>
    <subfield code="4">650</subfield>
  </datafield>
  <datafield tag="791" ind1="0" ind2="0">
    <subfield code="a">Ravere, Costantino di</subfield>
    <subfield code="3">IT\ICCU\CNCT\005323</subfield>
    <subfield code="z">Raverio, Costantino</subfield>
  </datafield>
  <datafield tag="791" ind1="0" ind2="0">
    <subfield code="a">Raverius, Constantinus</subfield>
    <subfield code="3">IT\ICCU\CNCT\005324</subfield>
    <subfield code="z">Raverio, Costantino</subfield>
  </datafield>
  <datafield tag="801" ind1=" " ind2="3">
    <subfield code="a">IT</subfield>
    <subfield code="b">ICCU</subfield>
    <subfield code="c">20201115</subfield>
  </datafield>
</record>
</collection>
